@article{heinermanevolution,
  title={Evolution, Individual Learning, and Social Learning in a Swarm of Real
  Robots},
  author={Heinerman, Jacqueline and Rango, Massimiliano and Eiben, AE},
  year={2015}
}}

@inproceedings{silva2012odneat,
	title={odNEAT: An algorithm for distributed online, onboard evolution of
		robot behaviours},
	author={Silva, Fernando and Urbano, Paulo and Oliveira, Sancho and
		Christensen, Anders Lyhne},
	booktitle={Artificial Life},
	volume={13},
	pages={251--258},
	year={2012}
}

@article{stanley2002evolving,
  title={Evolving neural networks through augmenting topologies},
  author={Stanley, Kenneth O and Miikkulainen, Risto},
  journal={Evolutionary computation},
  volume={10},
  number={2},
  pages={99--127},
  year={2002},
  publisher={MIT Press}
}

@article{stanley2009hypercube,
  title={A hypercube-based encoding for evolving large-scale neural networks},
  author={Stanley, Kenneth O and D'Ambrosio, David B and Gauci, Jason},
  journal={Artificial life},
  volume={15},
  number={2},
  pages={185--212},
  year={2009},
  publisher={MIT Press}
}

@inproceedings{stanley2006real,
  title={Real-time evolution of neural networks in the nero video game},
  author={Stanley, Kenneth O and Bryant, Bobby D and Karpov, Igor and
	  Miikkulainen, Risto},
  booktitle={AAAI},
  volume={6},
  pages={1671--1674},
  year={2006}
}

@inproceedings{berg2013critical,
  title={Critical factors in the performance of HyperNEAT},
  author={van den Berg, Thomas G and Whiteson, Shimon},
  booktitle={Proceedings of the 15th annual conference on Genetic and
	  evolutionary computation},
  pages={759--766},
  year={2013},
  organization={ACM}
}
